<record><leader>00000cas a22000007a 4500</leader><controlfield tag="001">27969647</controlfield><controlfield tag="008">930423d19291945scudn ne      0    0eng d</controlfield><datafield ind1=" " ind2=" " tag="010"><subfield code="a">sn 93067715 </subfield></datafield><datafield ind1=" " ind2=" " tag="040"><subfield code="a">SVN</subfield><subfield code="b">eng</subfield><subfield code="c">SVN</subfield><subfield code="d">OCLCQ</subfield></datafield><datafield ind1=" " ind2=" " tag="042"><subfield code="a">msc</subfield></datafield><datafield ind1="0" ind2=" " tag="130"><subfield code="a">Morning news (Florence, S.C.)</subfield></datafield><datafield ind1="1" ind2="0" tag="245"><subfield code="a">Morning news.</subfield></datafield><datafield ind1=" " ind2=" " tag="260"><subfield code="a">Florence, S.C. :</subfield><subfield code="b">Florence Print. Co.</subfield></datafield><datafield ind1=" " ind2=" " tag="300"><subfield code="a">v.</subfield></datafield><datafield ind1=" " ind2=" " tag="310"><subfield code="a">Daily (except Mon.)</subfield></datafield><datafield ind1="0" ind2=" " tag="362"><subfield code="a">Vol. 34, no. 571 (Feb. 3, 1929) - Dec. 1, 1945.</subfield></datafield><datafield ind1=" " ind2="4" tag="651"><subfield code="a">Florence County (S.C.)</subfield><subfield code="v">Newspapers.</subfield></datafield><datafield ind1=" " ind2=" " tag="752"><subfield code="a">United States</subfield><subfield code="b">South Carolina</subfield><subfield code="c">Florence</subfield><subfield code="d">Florence.</subfield></datafield><datafield ind1="0" ind2="0" tag="780"><subfield code="t">Morning news review</subfield><subfield code="w">(DLC)sn 86063770</subfield></datafield><datafield ind1="0" ind2="0" tag="785"><subfield code="t">Florence morning news</subfield><subfield code="w">(DLC)sn 93067724</subfield></datafield></record>